@inproceedings{Lee_2009_6317,
   author = "Min Kyung Lee and Jodi Forlizzi and Paul Rybski and Frederick L Crabbe and Wayne C Chung and Josh Finkle and Erik Glaser and Sara Kiesler",
   title = "The Snackbot: Documenting the design of a robot for long-term Human-Robot Interaction",
   booktitle = "Human Robot Interaction",
   month = "March",
   year = "2009",
   Notes = "Also sponsored by NSF grants IIS-0121426 and IIS-0624275 as well as Microsoft Research."
}