@INPROCEEDINGS{6251676, 
author={Salter, T. and Michaud, F. and Letourneau, D. and Lee, D.C. and Werry, I.P.}, 
booktitle={Human-Robot Interaction (HRI), 2007 2nd ACM/IEEE International Conference on}, 
title={Using proprioceptive sensors for categorizing human-robot interactions}, 
year={2007}, 
month={March}, 
pages={105-112}, 
keywords={human-robot interaction;infrared detectors;mobile robots;temperature sensors;Roball;behavioral adaptation;communication channels;human-robot interactions;infrared sensors;proprioceptive sensors;sensory data patterns;spherical mobile robot;temperature sensors;touch detection;Abstracts;Algorithm design and analysis;Detection algorithms;Force;Robot sensing systems;Adaptive Mobile Robots;Categorizing Interaction;Human-Robot Interaction (HRI);Sensor Evaluation}, 
ISSN={2167-2121},}