@INPROCEEDINGS{5453245,
author={Ingram, B. and Jones, D. and Lewis, A. and Richards, M. and Rich, C. and Schachterle, L.},
booktitle={Human-Robot Interaction (HRI), 2010 5th ACM/IEEE International Conference on},
title={A code of ethics for robotics engineers},
year={2010},
month={March},
pages={103-104},
keywords={ethical aspects;robots;code development;ethical development;professional robotics engineers;robotics engineering;safety;Computer science;Decision making;Electrical engineering;Ethics;Face;Guidelines;Human robot interaction;Mechanical engineering;Safety;USA Councils;Code;Ethics;Robotics Engineering},
doi={10.1109/HRI.2010.5453245},}