@inproceedings{Forlizzi:2006:SRD:1121241.1121286,
 author = {Forlizzi, Jodi and DiSalvo, Carl},
 title = {Service Robots in the Domestic Environment: A Study of the Roomba Vacuum in the Home},
 booktitle = {Proceedings of the 1st ACM SIGCHI/SIGART Conference on Human-robot Interaction},
 series = {HRI '06},
 year = {2006},
 isbn = {1-59593-294-1},
 location = {Salt Lake City, Utah, USA},
 pages = {258--265},
 numpages = {8},
 url = {http://doi.acm.org/10.1145/1121241.1121286},
 doi = {10.1145/1121241.1121286},
 acmid = {1121286},
 publisher = {ACM},
 address = {New York, NY, USA},
 keywords = {design research, domestic robots, ethnography, human-robot interaction design},
} 
