@INPROCEEDINGS{4354065, 
author={Crick, C. and Doniec, M. and Scassellati, B.}, 
booktitle={Development and Learning, 2007. ICDL 2007. IEEE 6th International Conference on}, 
title={Who is IT? Inferring role and intent from agent motion}, 
year={2007}, 
month={July}, 
pages={134-139}, 
keywords={humanoid robots;learning (artificial intelligence);motion estimation;multi-agent systems;position control;robot vision;agent current intentional state estimation;human agent motion trajectories;inanimate objects;spatiotemporal relationships;Animation;Cameras;Cognition;Cognitive robotics;Humans;Layout;Psychology;Robot sensing systems;Visual perception;Watches;Intention recognition;causation;motion}, 
doi={10.1109/DEVLRN.2007.4354065},}