@ARTICLE{6476704, 
author={Chen, T.L. and Ciocarlie, M. and Cousins, S. and Grice, P.M. and Hawkins, K. and Kaijen Hsiao and Kemp, C.C. and Chih-Hung King and Lazewatsky, D.A. and Leeper, A.E. and Hai Nguyen and Paepcke, A. and Pantofaru, C. and Smart, W.D. and Takayama, L.}, 
journal={Robotics Automation Magazine, IEEE}, 
title={Robots for humanity: using assistive robotics to empower people with disabilities}, 
year={2013}, 
month={March}, 
volume={20}, 
number={1}, 
pages={30-39}, 
keywords={handicapped aids;manipulators;mobile robots;AMM;assistive mobile manipulators;assistive robotics;empower people;Biomedical equipment;Control systems;Exoskeletons;Handicapped aids;Human factors;Medical robotics;Prosthetics;Robots;Sensory aids;Software development}, 
doi={10.1109/MRA.2012.2229950}, 
ISSN={1070-9932},}