@inproceedings{Szafir:2014:CIA:2559636.2559672,
 author = {Szafir, Daniel and Mutlu, Bilge and Fong, Terrence},
 title = {Communication of Intent in Assistive Free Flyers},
 booktitle = {Proceedings of the 2014 ACM/IEEE International Conference on Human-robot Interaction},
 series = {HRI '14},
 year = {2014},
 isbn = {978-1-4503-2658-2},
 location = {Bielefeld, Germany},
 pages = {358--365},
 numpages = {8},
 url = {http://doi.acm.org/10.1145/2559636.2559672},
 doi = {10.1145/2559636.2559672},
 acmid = {2559672},
 publisher = {ACM},
 address = {New York, NY, USA},
 keywords = {assistive free-flyer (aff), design, flying robot, human factors, intent, micro air vehicle (mav), motion, usability},
} 