@inproceedings{Mutlu:2008:ROR:1349822.1349860,
 author = {Mutlu, Bilge and Forlizzi, Jodi},
 title = {Robots in Organizations: The Role of Workflow, Social, and Environmental Factors in Human-robot Interaction},
 booktitle = {Proceedings of the 3rd ACM/IEEE International Conference on Human Robot Interaction},
 series = {HRI '08},
 year = {2008},
 isbn = {978-1-60558-017-3},
 location = {Amsterdam, The Netherlands},
 pages = {287--294},
 numpages = {8},
 url = {http://doi.acm.org/10.1145/1349822.1349860},
 doi = {10.1145/1349822.1349860},
 acmid = {1349860},
 publisher = {ACM},
 address = {New York, NY, USA},
 keywords = {autonomous robots, ethnography, groupware, organizational interfaces, organizational technology, robots in organizations},
}