@MISC{Feil-seifer_dryyour,
    author = {David Feil-seifer and Maja J MatariÄ‡},
    title = {Dry Your Eyes: Examining the Roles of Robots for Childcare Applications},
    year = {}
}