@TECHREPORT{Arkin07governinglethal,
    author = {Ronald C. Arkin},
    title = {Governing Lethal Behavior: Embedding Ethics in a Hybrid Deliberative/Reactive Robot Architecture},
    institution = {Proc. HRI 2008},
    year = {2007}
}