@inproceedings{Unhelkar:2014:CPH:2559636.2559655,
 author = {Unhelkar, Vaibhav V. and Siu, Ho Chit and Shah, Julie A.},
 title = {Comparative Performance of Human and Mobile Robotic Assistants in Collaborative Fetch-and-deliver Tasks},
 booktitle = {Proceedings of the 2014 ACM/IEEE International Conference on Human-robot Interaction},
 series = {HRI '14},
 year = {2014},
 isbn = {978-1-4503-2658-2},
 location = {Bielefeld, Germany},
 pages = {82--89},
 numpages = {8},
 url = {http://doi.acm.org/10.1145/2559636.2559655},
 doi = {10.1145/2559636.2559655},
 acmid = {2559655},
 publisher = {ACM},
 address = {New York, NY, USA},
 keywords = {efficiency and productivity, human-robot collaboration, manufacturing, mobile robotic assistant},
}