@inproceedings{Takayama:2009:ISD:1518701.1519021,
 author = {Takayama, Leila and Groom, Victoria and Nass, Clifford},
 title = {I'M Sorry, Dave: I'M Afraid I Won'T Do That: Social Aspects of Human-agent Conflict},
 booktitle = {Proceedings of the SIGCHI Conference on Human Factors in Computing Systems},
 series = {CHI '09},
 year = {2009},
 isbn = {978-1-60558-246-7},
 location = {Boston, MA, USA},
 pages = {2099--2108},
 numpages = {10},
 url = {http://doi.acm.org/10.1145/1518701.1519021},
 doi = {10.1145/1518701.1519021},
 acmid = {1519021},
 publisher = {ACM},
 address = {New York, NY, USA},
 keywords = {disagreement, distancing, human-agent interaction, human-robot interaction, spatial audio, throwing voices},
}