@INPROCEEDINGS{Sharkey10thecrying,
    author = {Noel Sharkey and A Sharkey},
    title = {The crying shame of robot nannies: an ethical appraisal},
    booktitle = {Interaction Studies: Social Behaviour and Communication in Biological and Artificial Systems (in},
    year = {2010},
    publisher = {press}
}