@INPROCEEDINGS{4107835, 
author={Kahn, P.H. and Ishiguro, H. and Friedman, B. and Kanda, T.}, 
booktitle={Robot and Human Interactive Communication, 2006. ROMAN 2006. The 15th IEEE International Symposium on}, 
title={What is a Human? - Toward Psychological Benchmarks in the Field of Human-Robot Interaction}, 
year={2006}, 
month={Sept}, 
pages={364-371}, 
keywords={man-machine systems;psychology;robots;human-robot interaction;psychological benchmarks;testable empirical propositions;Benchmark testing;Ethics;Human robot interaction;Humanoid robots;Instruments;Ontologies;Psychology;Resists;Robotic assembly;Service robots}, 
doi={10.1109/ROMAN.2006.314461},}