@INPROCEEDINGS{Mutlu06perceptionsof,
    author = {Bilge Mutlu and Steven Osman and Jodi Forlizzi and Jessica Hodgins and Sara Kiesler},
    title = {Perceptions of ASIMO: An exploration on co-operation and competition with humans and humanoid robots},
    booktitle = {In Extended Abstracts of HRI'06, ACM},
    year = {2006},
    pages = {351--352}
}