@INPROCEEDINGS{6249621, 
author={Chan, W.P. and Parker, C.A.C. and Van der Loos, H.F.M. and Croft, E.A.}, 
booktitle={Human-Robot Interaction (HRI), 2012 7th ACM/IEEE International Conference on}, 
title={Grip forces and load forces in handovers: Implications for designing human-robot handover controllers}, 
year={2012}, 
month={March}, 
pages={9-16}, 
keywords={control system synthesis;force control;haptic interfaces;human-robot interaction;robot kinematics;feature identification;grip force control;haptic interaction characterization;human-robot handover controller design;human-to-human handovers;implicit social contract;load forces;object transfer safety;Force;Haptic interfaces;Humans;Receivers;Robot kinematics;Robot sensing systems;Handover;grip force;handoff;haptic communication;load force;object transfer;physical human robot interaction}, 
ISSN={2167-2121},}