@inproceedings{Steinfeld_2009_6322,
   author = "Aaron Steinfeld and Odest Chadwicke Jenkins and Brian Scassellati",
   title = "The Oz of Wizard: Simulating the Human for Interaction Research",
   booktitle = "ACM/IEEE International Conference on Human-Robot Interaction (HRI)",
   month = "March",
   year = "2009",
}