@INPROCEEDINGS{6256015, 
author={Kanda, T. and Shiomi, M. and Miyashita, Z. and Ishiguro, H. and Hagita, N.}, 
booktitle={Human-Robot Interaction (HRI), 2009 4th ACM/IEEE International Conference on}, 
title={An affective guide robot in a shopping mall}, 
year={2009}, 
month={March}, 
pages={173-180}, 
keywords={human-robot interaction;humanoid robots;mobile robots;radiofrequency identification;speech recognition;telerobotics;RFID tags;affective guide robot;person identification;shopping information;shopping mall;speech recognition;Floors;Humans;Radiofrequency identification;Robot sensing systems;Speech recognition;Communication robots;field trial;service robots}, 
ISSN={2167-2121},}